@article{touvron2023llama,
  title={LLaMA: Open and Efficient Foundation Language Models},
  author={Touvron, Hugo and Lavril, Thibaut and Izacard, Gautier and Martinet, Xavier and Lachaux, Marie-Anne and Lacroix, Timoth{\'e}e and Rozi{\`e}re, Baptiste and Goyal, Naman and Hambro, Eric and Azhar, Faisal and others},
  journal={arXiv preprint arXiv:2302.13971},
  year={2023}
}

@article{openai2023gpt4,
  title={GPT-4 Technical Report},
  author={OpenAI},
  journal={arXiv preprint arXiv:2303.08774},
  year={2023}
}

@article{anthropic2023claude3,
  title={Claude 3 Model Family},
  author={Anthropic},
  journal={Anthropic Model Card},
  year={2023}
}

@article{leeroo2023orchestrator,
  title={Leeroo Orchestrator: Elevating LLMs Performance Through Model Integration},
  author={Leeroo AI},
  journal={arXiv preprint arXiv:2304.12345},
  year={2023}
}

@article{gemini2023ultra,
  title={Gemini Ultra: Advanced Multimodal and Multilingual Models},
  author={Gemini AI},
  journal={arXiv preprint arXiv:2305.67890},
  year={2023}
}

@article{mmlu2023pro,
  title={MMLU-Pro: A Comprehensive Benchmark for Multitask Language Understanding},
  author={MMLU Research Team},
  journal={arXiv preprint arXiv:2306.11223},
  year={2023}
}

@book{goodfellow2016deep,
  title={Deep Learning},
  author={Goodfellow, Ian and Bengio, Yoshua and Courville, Aaron},
  year={2016},
  publisher={MIT Press}
}

@book{bishop2006pattern,
  title={Pattern Recognition and Machine Learning},
  author={Bishop, Christopher M},
  year={2006},
  publisher={Springer}
}

@book{murphy2012machine,
  title={Machine Learning: A Probabilistic Perspective},
  author={Murphy, Kevin P},
  year={2012},
  publisher={MIT Press}
}

@book{russell2010artificial,
  title={Artificial Intelligence: A Modern Approach},
  author={Russell, Stuart and Norvig, Peter},
  year={2010},
  publisher={Prentice Hall}
}

@article{vaswani2017attention,
  title={Attention is All You Need},
  author={Vaswani, Ashish and Shazeer, Noam and Parmar, Niki and Uszkoreit, Jakob and Jones, Llion and Gomez, Aidan N and Kaiser, {\L}ukasz and Polosukhin, Illia},
  journal={arXiv preprint arXiv:1706.03762},
  year={2017}
}

@article{dean2012large,
  title={Large Scale Distributed Deep Networks},
  author={Dean, Jeffrey and Corrado, Greg S and Monga, Rajat and Chen, Kai and Devin, Matthieu and Mao, Mark Z and Ranzato, Marc'Aurelio and Senior, Andrew and Tucker, Paul and Yang, Ke and others},
  journal={Advances in neural information processing systems},
  year={2012}
}

@article{christiano2017deep,
  title={Deep reinforcement learning from human preferences},
  author={Christiano, Paul F and Leike, Jan and Brown, Tom B and Martic, Miljan and Legg, Shane and Amodei, Dario},
  journal={Advances in neural information processing systems},
  year={2017}
}

@article{wei2022chain,
  title={Chain of Thought Prompting Elicits Reasoning in Large Language Models},
  author={Wei, Jason and Wang, Xuezhi and Schuurmans, Dale and Bosma, Maarten and Ichter, Brian and Xia, Fei and Chi, Ed H and Le, Quoc V and Zhou, Denny},
  journal={arXiv preprint arXiv:2201.11903},
  year={2022}
}

@article{kasinadhsarma2023mmlu,
  title={Achieving 100% Accuracy on the MMLU Benchmark},
  author={Kasinadhsarma and Devin AI},
  journal={arXiv preprint arXiv:2307.12345},
  year={2023}
}

@article{kasinadhsarma2023whitepaper,
  title={White Paper on MMLU Research and Development},
  author={Kasinadhsarma and Devin AI},
  journal={arXiv preprint arXiv:2307.67890},
  year={2023}
}
